@book{hp1,
    author = "J.K. Rowling",
    title = "Harry Potter e a Pedra Filosofal",
    publisher = "Rocco",
    year = "1997"
}